2984 4920
179 367 211 412 rr
589 347 870 419 enarratio

179 523 375 614 Heynianae
395 523 540 592 insertas.
592 524 679 594 Nam
703 523 747 593 de
769 524 835 592 illis
857 521 1020 612 Aeschyli
1043 524 1127 593 locis
1154 545 1293 593 accura-

176 661 244 730 tius
264 670 385 755 agetur
409 661 443 728 in
467 640 615 730 et'litioue
634 661 814 753 Aeschyli:
840 685 927 751 quae
945 671 1058 730 autem
1076 662 1119 729 de
1136 664 1294 730 antistro-

179 799 291 890 phicis
316 799 582 890 disputaveram,
613 799 735 868 rectius
761 800 928 890 explicata
951 809 1025 868 sunt
1055 801 1089 866 in
1109 800 1293 866 Elementis

180 937 339 1037 floorinae
364 937 540 1005 metricae:
575 935 752 1008 Pindarico
782 960 864 1007 vero
890 937 966 1025 illa,
1000 960 1087 1025 quae
1112 939 1181 1003 iam
1205 959 1294 1004 nunc

180 1076 288 1163 multo
303 1085 459 1166 poteram
482 1073 632 1142 auctiora
655 1075 776 1165 edere,
804 1077 869 1143 alio
886 1085 1059 1166 tempore,
1086 1075 1112 1140 si
1135 1074 1216 1142 illuc
1238 1097 1296 1140 re-

76 1256 80 1277 ,
181 1213 253 1281 (lire
276 1213 426 1297 licuerit,
467 1211 567 1278 etiarn
592 1206 702 1304 magis
726 1214 878 1304 expolire
903 1215 938 1279 in
970 1213 1082 1279 animo
1107 1221 1164 1279 est.
1216 1211 1295 1277 Dis-

182 1350 397 1418 sertationum
410 1347 693 1449 Academicarum
716 1351 946 1440 perorationes
960 1351 1140 1440 plerasque
1157 1348 1296 1431 sesacni,

182 1511 248 1556 una
268 1495 402 1579 ⁸tantum
434 1460 582 1554 alterave
618 1494 657 1554 ut
687 1488 846 1578 exemplo
884 1487 993 1553 usitati
1023 1486 1124 1553 moris
1157 1495 1294 1553 servata.

183 1624 365 1714 Quumque
387 1622 542 1690 ordinem
564 1621 636 1690 fere
658 1632 807 1692 tenerem
824 1647 920 1712 eum,
954 1645 1023 1712 quo
1043 1623 1123 1691 editi
1149 1632 1223 1690 sunt
1244 1623 1296 1688 isti

181 1763 311 1848 libelli,
349 1763 457 1830 visum
485 1771 534 1829 est
565 1760 703 1854 singulis
736 1761 960 1830 voluminibus
993 1761 1092 1828 etiam
1130 1761 1295 1828 orationes

184 1909 218 1967 et
234 1900 401 1983 carmina,
428 1900 454 1966 si
478 1922 566 1987 quac
586 1920 627 1966 eo
649 1907 805 1989 tempore
832 1899 956 1989 scripta
981 1907 1105 1984 essent,
1140 1898 1296 1967 adiicere.

183 2037 285 2106 Cuius
307 2035 438 2104 consilii
457 2057 627 2104 suasorem
648 2033 754 2102 habui
773 2036 1002 2128 Bitttigerum,
1028 2035 1135 2102 virum
1158 2036 1298 2127 elegan-
1403 2062 1411 2086 r

182 2172 296 2243 tissimi
319 2173 444 2243 iudicii.
493 2171 625 2241 Indices
644 2171 754 2240 adieci
775 2173 896 2261 cuique
916 2170 1077 2242 volumini
1098 2195 1211 2239 rerum
1230 2194 1298 2261 po-

182 2313 400 2405 tissimarum,
435 2310 729 2402 scriptorumque,
763 2307 951 2398 dequibus
976 2317 1061 2376 esset
1081 2308 1297 2399 disputatum.

183 2451 216 2519 A
238 2447 460 2541 typographo
484 2469 596 2538 pauca
615 2455 766 2532 tantum,
800 2446 1007 2531 uisitator,
1039 2457 1183 2537 peccata
1213 2457 1298 2535 sunt,

183 2598 221 2659 ut
242 2611 278 2680 p.
300 2584 361 2655 61.
385 2586 444 2655 ubi
465 2587 554 2683 μέλη
575 2607 640 2675 pro
661 2577 757 2681 μάλη
774 2583 978 2676 legendum,
1013 2592 1047 2675 et
1071 2607 1105 2674 p.
1133 2583 1219 2652 lot.
1243 2585 1302 2653 ubi

184 2729 220 2796 in
249 2726 364 2819 priore
390 2720 554 2815 Aeschyli
581 2722 663 2791 loco
693 2682 841 2789 ‹lelenda
882 2729 932 2789 est
970 2721 1194 2811 interpunctio
1224 2730 1302 2813 post

106 2838 112 2855 '
186 2859 387 2965 ὠμόφρων,
402 2863 447 2930 in
470 2861 578 2932 altero
600 2867 713 2930 autem
738 2857 847 2927 minor
869 2849 1029 2950 ponenda
1050 2867 1129 2951 post
1142 2860 1246 2954 γένει.
