2984 4920
539 304 932 367 GENERIBVS.

708 476 769 546 lx,

660 625 831 688 Conclusio.

281 782 347 852 His
373 783 528 850 omnibus
556 782 770 854 fortuitarum
801 781 1001 852 divisionum
1031 784 1192 875 exemplis
1219 784 1305 853 nibil

179 886 274 956 aliud
288 887 428 955 efficere
442 886 570 971 studui,
586 887 647 955 uisi
659 898 712 974 ut,
727 912 794 978 qua
812 887 942 956 ratione
966 885 1229 955 distinctionibus
1239 889 1306 956 istis

179 990 344 1058 utendum
359 990 418 1075 sit,
443 988 666 1059 ostenderem.
704 993 759 1061 Ac
773 1013 878 1082 quum
888 991 1061 1057 universae
1074 1011 1219 1081 poeseos
1233 1014 1306 1059 am-

179 1093 341 1162 bitusiliis
354 1093 588 1179 divisionibus,
614 1116 697 1184 quas
713 1119 733 1164 e
748 1107 867 1163 natura
877 1116 1021 1184 poeseos
1038 1093 1220 1178 hausimus,
1244 1093 1308 1161 de-

115 1254 118 1258 .
181 1198 325 1288 scriptus
339 1197 397 1282 sit,
422 1219 559 1266 necesse
575 1207 644 1286 est,
669 1221 903 1290 quaecumque
923 1207 1100 1289 praeterea
1122 1199 1308 1265 carminum

182 1299 389 1370 diversitates
402 1300 628 1392 reperiantur,
655 1327 711 1372 eas
728 1317 843 1370 omnes
856 1301 902 1370 ad
921 1301 999 1385 illa,
1025 1324 1114 1390 quae
1137 1302 1249 1392 prima
1267 1323 1310 1369 ac

183 1404 371 1474 necessaria
392 1413 468 1472 sunt
485 1415 683 1495 poematum
703 1429 847 1498 genera,
876 1404 1014 1489 reduci,
1036 1427 1078 1473 ao
1096 1406 1165 1474 sine
1183 1406 1248 1472 illis
1265 1426 1309 1472 ne

183 1507 332 1600 cogitari
345 1507 486 1596 quidem
499 1530 610 1601 pone.
650 1510 737 1578 Sunt
751 1521 863 1578 autem
878 1508 938 1575 illa
953 1530 1080 1598 genera
1097 1531 1238 1576 numero
1255 1530 1310 1574 se-

185 1611 318 1697 decim,
343 1611 520 1700 quoniam,
547 1635 651 1701 quum
670 1613 705 1682 in
727 1615 845 1703 quovis
868 1611 1016 1679 carmine
1041 1609 1129 1679 haec
1154 1612 1218 1678 tria
1232 1633 1312 1701 spe-

186 1714 310 1784 ctanda
322 1714 396 1800 sint,
419 1725 665 1807 argumentum,
679 1717 811 1786 formae
833 1715 1018 1784 necessaria
1031 1715 1089 1781 vel
1103 1715 1243 1785 fortuita
1255 1736 1313 1780 ra-

186 1819 255 1903 tio,
278 1817 425 1907 denique
451 1819 665 1910 prdcritudo,
690 1821 946 1908 uniuscuiusque
970 1817 1138 1886 divisionis
1159 1818 1314 1886 membra

191 1931 339 1992 meteres
363 1920 590 1991 distinctiones
610 1925 787 2016 recipiunt.
824 1926 938 2014 Atque
952 1922 987 1989 in
1003 1923 1207 2014 argumentis
1226 1943 1313 2011 qua-

150 2107 152 2110 Α
190 2034 269 2093 tuor
280 2025 494 2116 reperiuntur
502 2027 687 2096 carminum
704 2029 926 2112 differentiae,
935 2049 1078 2116 quarum
1086 2049 1192 2116 quum
1208 2047 1315 2116 quae-

189 2128 275 2198 libet
287 2138 347 2198 aut
358 2131 530 2220 aequabili
545 2139 604 2198 aut
618 2133 824 2222 inaequabili
838 2133 951 2200 forma
967 2132 1028 2216 sit,
1055 2140 1134 2198 octo
1150 2129 1316 2198 habemus

189 2233 407 2302 diversitates.
447 2233 581 2304 Harum
601 2258 683 2304 vero
706 2260 812 2326 quum
834 2258 1057 2325 unaquaeqne
1070 2234 1316 2301 formositatem

190 2359 302 2427 aeque
308 2359 349 2406 ec
355 2337 594 2408 sublimitatem
606 2339 769 2427 admittat,
785 2341 935 2410 sedecim
949 2339 1085 2407 omuino
1101 2346 1177 2407 suut
1190 2358 1318 2428 genera

190 2461 347 2533 poeseos.
395 2442 633 2528 Quamobrem
644 2445 685 2512 'in
705 2446 860 2534 quolibet
872 2451 1033 2536 poemate
1048 2441 1232 2512 iudicando
1245 2439 1318 2531 pri-

190 2567 286 2614 mum
300 2546 469 2632 omnium,
495 2547 541 2615 ad
558 2548 653 2638 quod
667 2571 709 2616 ex
722 2548 775 2617 his
786 2549 937 2618 sedecim
948 2548 1129 2640 generibus
1140 2544 1227 2612 illud
1237 2565 1320 2634 per-

191 2649 313 2735 tineat,
343 2647 616 2743 investigandum
639 2661 706 2721 est:
730 2663 812 2737 tum,
833 2653 973 2721 demum
995 2651 1071 2718 illas
1093 2653 1213 2731 notas,
1232 2667 1320 2734 quac

192 2754 239 2822 ab
253 2755 461 2844 experientia
473 2765 654 2847 petamtur,
680 2756 811 2843 ordine,
837 2778 907 2844 quo
921 2775 1078 2844 quaeque
1093 2749 1247 2845 superior
1261 2757 1320 2832 est,

193 2857 467 2933 adiceredecet.
1006 2898 1008 2903 ·
