<?xml version="1.0" encoding="UTF-8"?>
<!DOCTYPE html PUBLIC "-//W3C//DTD XHTML 1.0 Transitional//EN"
    "http://www.w3.org/TR/xhtml1/DTD/xhtml1-transitional.dtd">
<html xmlns="http://www.w3.org/1999/xhtml" xml:lang="en" lang="en">
 <head>
  <title>
</title>
<meta http-equiv="Content-Type" content="text/html;charset=utf-8" />
  <meta name='ocr-system' content='tesseract 3.04.00' />
  <meta name='ocr-capabilities' content='ocr_page ocr_carea ocr_par ocr_line ocrx_word'/>
</head>
<body>
  <div class='ocr_page' id='page_1' title='image "./opuscula09hermgoog/opuscula09hermgoog_0300.png"; bbox 0 0 2984 4920; ppageno 0'>
   <div class='ocr_carea' id='block_1_1' title="bbox 505 271 1281 373">
    <p class='ocr_par' dir='ltr' id='par_1_1' title="bbox 505 271 1281 373">
     <span class='ocr_line' id='line_1_1' title="bbox 505 271 1281 373; baseline 0.006 -39"><span class='ocrx_word' id='word_1_1' title='bbox 505 362 508 373; x_wconf 34' lang='grc' dir='ltr'>Ι</span> <span class='ocrx_word' id='word_1_2' title='bbox 540 271 913 338; x_wconf 76' lang='lat' dir='ltr'>ATTICISTARVM.</span> <span class='ocrx_word' id='word_1_3' title='bbox 1216 275 1281 339; x_wconf 56' lang='lat' dir='ltr'><strong><em>w</em></strong></span> 
     </span>
    </p>
   </div>
   <div class='ocr_carea' id='block_1_2' title="bbox 104 430 1281 538">
    <p class='ocr_par' dir='ltr' id='par_1_2' title="bbox 104 430 1281 538">
     <span class='ocr_line' id='line_1_2' title="bbox 104 430 1281 538; baseline 0 -24"><span class='ocrx_word' id='word_1_4' title='bbox 104 460 107 465; x_wconf 75' lang='grc'><strong><em>’</em></strong></span> <span class='ocrx_word' id='word_1_5' title='bbox 170 443 361 514; x_wconf 85' lang='lat' dir='ltr'>Woifianae</span> <span class='ocrx_word' id='word_1_6' title='bbox 382 447 417 515; x_wconf 90' lang='lat' dir='ltr'>in</span> <span class='ocrx_word' id='word_1_7' title='bbox 434 443 526 514; x_wconf 84' lang='lat' dir='ltr'>Diar.</span> <span class='ocrx_word' id='word_1_8' title='bbox 546 445 608 514; x_wconf 91' lang='lat' dir='ltr'>litt.</span> <span class='ocrx_word' id='word_1_9' title='bbox 624 430 752 514; x_wconf 73' lang='lat' dir='ltr'>leneas.</span> <span class='ocrx_word' id='word_1_10' title='bbox 776 443 887 515; x_wconf 81' lang='grc'><strong>1809.</strong></span> <span class='ocrx_word' id='word_1_11' title='bbox 908 468 941 513; x_wconf 83' lang='grc' dir='ltr'>ιι.</span> <span class='ocrx_word' id='word_1_12' title='bbox 962 442 1048 514; x_wconf 72' lang='grc' dir='ltr'>24ῖ.</span> <span class='ocrx_word' id='word_1_13' title='bbox 1069 469 1105 538; x_wconf 90' lang='lat' dir='ltr'>p.</span> <span class='ocrx_word' id='word_1_14' title='bbox 1123 439 1208 514; x_wconf 79' lang='lat'>154.</span> <span class='ocrx_word' id='word_1_15' title='bbox 1224 469 1281 514; x_wconf 90' lang='lat' dir='ltr'>ra·</span> 
     </span>
    </p>
   </div>
   <div class='ocr_carea' id='block_1_3' title="bbox 78 545 1412 646">
    <p class='ocr_par' dir='ltr' id='par_1_3' title="bbox 78 545 1412 646">
     <span class='ocr_line' id='line_1_3' title="bbox 78 545 1412 646; baseline 0.008 -37"><span class='ocrx_word' id='word_1_16' title='bbox 78 604 81 609; x_wconf 81' lang='lat'><strong>.</strong></span> <span class='ocrx_word' id='word_1_17' title='bbox 170 549 239 616; x_wconf 88' lang='lat' dir='ltr'>rior</span> <span class='ocrx_word' id='word_1_18' title='bbox 262 550 402 639; x_wconf 81' lang='lat' dir='ltr'>optativi</span> <span class='ocrx_word' id='word_1_19' title='bbox 422 549 551 633; x_wconf 83' lang='lat' dir='ltr'>forma,</span> <span class='ocrx_word' id='word_1_20' title='bbox 579 547 673 645; x_wconf 76' lang='grc' dir='ltr'>δυιή,</span> <span class='ocrx_word' id='word_1_21' title='bbox 700 545 873 646; x_wconf 76' lang='grc' dir='ltr'>α’ναδυιή,</span> <span class='ocrx_word' id='word_1_22' title='bbox 899 557 937 616; x_wconf 86' lang='lat' dir='ltr'>ut</span> <span class='ocrx_word' id='word_1_23' title='bbox 955 546 1064 644; x_wconf 81' lang='grc' dir='ltr'>φυίη,</span> <span class='ocrx_word' id='word_1_24' title='bbox 1090 549 1184 637; x_wconf 88' lang='lat' dir='ltr'>quod</span> <span class='ocrx_word' id='word_1_25' title='bbox 1202 549 1283 618; x_wconf 89' lang='lat' dir='ltr'>alibi</span> <span class='ocrx_word' id='word_1_26' title='bbox 1408 599 1412 620; x_wconf 78' lang='grc'><strong><em>,</em></strong></span> 
     </span>
    </p>
   </div>
   <div class='ocr_carea' id='block_1_4' title="bbox 101 651 1353 1669">
    <p class='ocr_par' dir='ltr' id='par_1_4' title="bbox 101 651 1353 1669">
     <span class='ocr_line' id='line_1_4' title="bbox 170 651 1283 735; baseline 0 -15"><span class='ocrx_word' id='word_1_27' title='bbox 170 651 363 722; x_wconf 85' lang='lat' dir='ltr'>Theocrito·</span> <span class='ocrx_word' id='word_1_28' title='bbox 384 675 405 719; x_wconf 91' lang='lat' dir='ltr'>a</span> <span class='ocrx_word' id='word_1_29' title='bbox 432 675 488 720; x_wconf 90' lang='lat' dir='ltr'>me</span> <span class='ocrx_word' id='word_1_30' title='bbox 514 651 736 735; x_wconf 83' lang='lat' dir='ltr'>vindicatum,</span> <span class='ocrx_word' id='word_1_31' title='bbox 775 652 983 720; x_wconf 84' lang='lat' dir='ltr'>nuncetiam</span> <span class='ocrx_word' id='word_1_32' title='bbox 1005 651 1224 719; x_wconf 89' lang='lat' dir='ltr'>Buttmannus</span> <span class='ocrx_word' id='word_1_33' title='bbox 1248 653 1283 720; x_wconf 88' lang='lat' dir='ltr'>in</span> 
     </span>
     <span class='ocr_line' id='line_1_5' title="bbox 172 752 1353 847; baseline -0.002 -23"><span class='ocrx_word' id='word_1_34' title='bbox 172 753 234 824; x_wconf 84' lang='lat' dir='ltr'>Gr.</span> <span class='ocrx_word' id='word_1_35' title='bbox 263 777 315 847; x_wconf 86' lang='lat' dir='ltr'>gr.</span> <span class='ocrx_word' id='word_1_36' title='bbox 341 778 377 847; x_wconf 89' lang='lat' dir='ltr'>p.</span> <span class='ocrx_word' id='word_1_37' title='bbox 404 753 489 823; x_wconf 81' lang='grc'><strong>309.</strong></span> <span class='ocrx_word' id='word_1_38' title='bbox 515 753 809 838; x_wconf 83' lang='lat' dir='ltr'>commemoravit,</span> <span class='ocrx_word' id='word_1_39' title='bbox 849 754 1027 844; x_wconf 83' lang='lat' dir='ltr'>recipietur</span> <span class='ocrx_word' id='word_1_40' title='bbox 1047 755 1228 844; x_wconf 89' lang='lat' dir='ltr'>aliquando</span> <span class='ocrx_word' id='word_1_41' title='bbox 1248 752 1288 822; x_wconf 72' lang='lat' dir='ltr'>inv</span> <span class='ocrx_word' id='word_1_42' title='bbox 1351 800 1353 806; x_wconf 90' lang='lat'><em>-</em></span> 
     </span>
     <span class='ocr_line' id='line_1_6' title="bbox 101 855 1284 950; baseline 0 -26"><span class='ocrx_word' id='word_1_43' title='bbox 101 939 104 944; x_wconf 15' lang='grc' dir='ltr'>ι</span> <span class='ocrx_word' id='word_1_44' title='bbox 171 858 265 926; x_wconf 85' lang='lat' dir='ltr'>verbi</span> <span class='ocrx_word' id='word_1_45' title='bbox 289 855 481 950; x_wconf 84' lang='lat' dir='ltr'>temporum</span> <span class='ocrx_word' id='word_1_46' title='bbox 507 858 755 946; x_wconf 78' lang='lat' dir='ltr'><strong>modorumque</strong></span> <span class='ocrx_word' id='word_1_47' title='bbox 782 857 1074 946; x_wconf 83' lang='lat' dir='ltr'>enumerationem.</span> <span class='ocrx_word' id='word_1_48' title='bbox 1126 857 1232 942; x_wconf 83' lang='lat' dir='ltr'>Quod</span> <span class='ocrx_word' id='word_1_49' title='bbox 1257 858 1284 925; x_wconf 90' lang='lat' dir='ltr'>si</span> 
     </span>
     <span class='ocr_line' id='line_1_7' title="bbox 172 950 1284 1052; baseline 0 -25"><span class='ocrx_word' id='word_1_50' title='bbox 172 960 246 1049; x_wconf 89' lang='lat' dir='ltr'>quis</span> <span class='ocrx_word' id='word_1_51' title='bbox 263 984 319 1029; x_wconf 90' lang='lat' dir='ltr'>me</span> <span class='ocrx_word' id='word_1_52' title='bbox 341 960 495 1030; x_wconf 84' lang='lat' dir='ltr'>temerius</span> <span class='ocrx_word' id='word_1_53' title='bbox 514 961 635 1052; x_wconf 89' lang='lat' dir='ltr'>sentire</span> <span class='ocrx_word' id='word_1_54' title='bbox 655 960 700 1027; x_wconf 91' lang='lat' dir='ltr'>de</span> <span class='ocrx_word' id='word_1_55' title='bbox 727 950 967 1030; x_wconf 79' lang='lat' dir='ltr'>constituenda</span> <span class='ocrx_word' id='word_1_56' title='bbox 977 960 1121 1027; x_wconf 87' lang='lat' dir='ltr'>Homeri</span> <span class='ocrx_word' id='word_1_57' title='bbox 1141 958 1284 1030; x_wconf 85' lang='lat' dir='ltr'>lectione</span> 
     </span>
     <span class='ocr_line' id='line_1_8' title="bbox 171 1062 1286 1156; baseline -0.003 -24"><span class='ocrx_word' id='word_1_58' title='bbox 171 1063 321 1153; x_wconf 80' lang='lat' dir='ltr'>putabit,</span> <span class='ocrx_word' id='word_1_59' title='bbox 346 1065 424 1131; x_wconf 87' lang='lat' dir='ltr'>issi</span> <span class='ocrx_word' id='word_1_60' title='bbox 450 1063 724 1149; x_wconf 84' lang='lat' dir='ltr'><strong>consideraverit,</strong></span> <span class='ocrx_word' id='word_1_61' title='bbox 749 1072 911 1152; x_wconf 88' lang='lat' dir='ltr'>quantum</span> <span class='ocrx_word' id='word_1_62' title='bbox 932 1063 967 1132; x_wconf 91' lang='lat' dir='ltr'>in</span> <span class='ocrx_word' id='word_1_63' title='bbox 986 1062 1056 1131; x_wconf 91' lang='lat' dir='ltr'>hoo</span> <span class='ocrx_word' id='word_1_64' title='bbox 1079 1086 1205 1156; x_wconf 83' lang='lat' dir='ltr'>genere</span> <span class='ocrx_word' id='word_1_65' title='bbox 1228 1063 1286 1131; x_wconf 85' lang='lat' dir='ltr'>vel</span> 
     </span>
     <span class='ocr_line' id='line_1_9' title="bbox 174 1165 1284 1257; baseline 0 -25"><span class='ocrx_word' id='word_1_66' title='bbox 174 1165 263 1234; x_wconf 89' lang='lat' dir='ltr'>duae</span> <span class='ocrx_word' id='word_1_67' title='bbox 281 1174 472 1256; x_wconf 81' lang='lat' dir='ltr'>postremae</span> <span class='ocrx_word' id='word_1_68' title='bbox 484 1166 603 1234; x_wconf 86' lang='lat' dir='ltr'>Woliii</span> <span class='ocrx_word' id='word_1_69' title='bbox 627 1167 788 1235; x_wconf 82' lang='lat' dir='ltr'>editiones</span> <span class='ocrx_word' id='word_1_70' title='bbox 804 1166 1004 1257; x_wconf 79' lang='lat' dir='ltr'>discrepent,</span> <span class='ocrx_word' id='word_1_71' title='bbox 1028 1167 1171 1234; x_wconf 83' lang='lat' dir='ltr'><strong>mutabit</strong></span> <span class='ocrx_word' id='word_1_72' title='bbox 1183 1188 1284 1256; x_wconf 87' lang='lat' dir='ltr'>spero</span> 
     </span>
     <span class='ocr_line' id='line_1_10' title="bbox 174 1268 1285 1360; baseline 0 -24"><span class='ocrx_word' id='word_1_73' title='bbox 174 1269 379 1337; x_wconf 89' lang='lat' dir='ltr'>sententiam.</span> <span class='ocrx_word' id='word_1_74' title='bbox 431 1269 522 1352; x_wconf 80' lang='lat' dir='ltr'><strong>Quin</strong></span> <span class='ocrx_word' id='word_1_75' title='bbox 542 1268 595 1336; x_wconf 85' lang='lat' dir='ltr'>his</span> <span class='ocrx_word' id='word_1_76' title='bbox 615 1269 693 1360; x_wconf 87' lang='lat' dir='ltr'>ipsis</span> <span class='ocrx_word' id='word_1_77' title='bbox 711 1271 814 1354; x_wconf 69' lang='lat' dir='ltr'>lobio,</span> <span class='ocrx_word' id='word_1_78' title='bbox 840 1293 925 1359; x_wconf 84' lang='lat' dir='ltr'>quos</span> <span class='ocrx_word' id='word_1_79' title='bbox 946 1269 1051 1337; x_wconf 89' lang='lat' dir='ltr'>modo</span> <span class='ocrx_word' id='word_1_80' title='bbox 1076 1269 1145 1339; x_wconf 80' lang='lat' dir='ltr'>dixi</span> <span class='ocrx_word' id='word_1_81' title='bbox 1168 1292 1285 1336; x_wconf 88' lang='lat' dir='ltr'>emen-</span> 
     </span>
     <span class='ocr_line' id='line_1_11' title="bbox 175 1371 1286 1461; baseline 0 -23"><span class='ocrx_word' id='word_1_82' title='bbox 175 1371 305 1440; x_wconf 89' lang='lat' dir='ltr'>dandos</span> <span class='ocrx_word' id='word_1_83' title='bbox 326 1371 411 1439; x_wconf 88' lang='lat' dir='ltr'>mihi</span> <span class='ocrx_word' id='word_1_84' title='bbox 432 1371 555 1456; x_wconf 87' lang='lat' dir='ltr'>videri,</span> <span class='ocrx_word' id='word_1_85' title='bbox 582 1373 712 1461; x_wconf 82' lang='lat' dir='ltr'><strong>aliquot</strong></span> <span class='ocrx_word' id='word_1_86' title='bbox 728 1372 811 1440; x_wconf 90' lang='lat' dir='ltr'>alios</span> <span class='ocrx_word' id='word_1_87' title='bbox 826 1374 973 1442; x_wconf 86' lang='lat' dir='ltr'>adiicere</span> <span class='ocrx_word' id='word_1_88' title='bbox 992 1372 1199 1456; x_wconf 88' lang='lat' dir='ltr'>debuissem,</span> <span class='ocrx_word' id='word_1_89' title='bbox 1225 1372 1286 1439; x_wconf 89' lang='lat' dir='ltr'>nisi</span> 
     </span>
     <span class='ocr_line' id='line_1_12' title="bbox 173 1474 1283 1576; baseline 0.001 -35"><span class='ocrx_word' id='word_1_90' title='bbox 173 1475 348 1542; x_wconf 82' lang='lat' dir='ltr'>novissima</span> <span class='ocrx_word' id='word_1_91' title='bbox 370 1474 474 1542; x_wconf 94' lang='lat' dir='ltr'>editio</span> <span class='ocrx_word' id='word_1_92' title='bbox 495 1484 708 1566; x_wconf 87' lang='lat' dir='ltr'>occupasset,</span> <span class='ocrx_word' id='word_1_93' title='bbox 740 1499 827 1566; x_wconf 89' lang='lat' dir='ltr'>quae</span> <span class='ocrx_word' id='word_1_94' title='bbox 846 1477 881 1546; x_wconf 90' lang='lat' dir='ltr'>in</span> <span class='ocrx_word' id='word_1_95' title='bbox 899 1475 1032 1546; x_wconf 85' lang='lat' dir='ltr'>schedis</span> <span class='ocrx_word' id='word_1_96' title='bbox 1048 1476 1135 1576; x_wconf 71' lang='lat' dir='ltr'>¹meis</span> <span class='ocrx_word' id='word_1_97' title='bbox 1155 1474 1283 1544; x_wconf 90' lang='lat' dir='ltr'>dudum</span> 
     </span>
     <span class='ocr_line' id='line_1_13' title="bbox 173 1577 1264 1669; baseline 0 -25"><span class='ocrx_word' id='word_1_98' title='bbox 173 1579 320 1669; x_wconf 84' lang='lat' dir='ltr'>reposita</span> <span class='ocrx_word' id='word_1_99' title='bbox 344 1577 524 1646; x_wconf 87' lang='lat' dir='ltr'>habebam.</span> <span class='ocrx_word' id='word_1_100' title='bbox 1259 1589 1264 1600; x_wconf 93' lang='lat'><em>&#39;</em></span> 
     </span>
    </p>
   </div>
   <div class='ocr_carea' id='block_1_5' title="bbox 0 0 1510 4920">
    <p class='ocr_par' dir='ltr' id='par_1_5' title="bbox 0 0 1510 4920">
     <span class='ocr_line' id='line_1_14' title="bbox 0 0 1510 4920; baseline 0 0"><span class='ocrx_word' id='word_1_101' title='bbox 0 0 1510 4920; x_wconf 95' lang='lat' dir='ltr'> </span> 
     </span>
    </p>
   </div>
  </div>
 </body>
</html>
