2984 4920
328 1519 548 1611 INDEX
608 1516 1152 1612 OPVSCVLORVM.

209 2310 239 2370 1.
259 2302 302 2363 De
322 2300 516 2360 fundamento
539 2298 614 2359 iuria
634 2299 780 2380 puniendi
883 2346 891 2361 .
979 2346 985 2362 .
1072 2347 1078 2361 .
1166 2347 1172 2361 .

206 2465 238 2524 2.
258 2457 302 2516 De
322 2475 445 2536 poeseos
466 2453 673 2535 generibua.
751 2500 758 2515 .
845 2499 851 2514 .
936 2500 944 2515 .
1030 2498 1037 2514 .
1121 2458 1130 2515 .’

206 2614 236 2677 3.
257 2611 301 2670 De
322 2611 456 2670 dramate
480 2608 725 2689 comicosaiprieo
797 2653 804 2668 .
883 2652 891 2668 .

205 2767 238 2832 4.
257 2765 301 2824 De
333 2766 500 2844 fragmento
533 2763 785 2843 Clytaemnestra
811 2761 972 2844 Sophoclis
992 2761 1027 2822 in
1056 2761 1175 2822 duobus

313 2883 401 2944 codd.
419 2886 565 2965 repento*

205 3038 234 3103 6.
257 3036 475 3098 commentatio
511 3037 549 3097 de
579 3033 698 3114 verbio,
745 3033 852 3114 quibua
889 3034 997 3097 Graeci
1024 3036 1173 3097 inceaaum

310 3177 457 3238 equorum
477 3154 631 3236 indicant,
649 3155 689 3216 ad
708 3154 942 3237 Xenophontem
963 3156 1000 3218 de
1023 3177 1056 3218 re
1078 3177 1172 3239 eque·

309 3274 1301 3358 ataicap.VII........68

203 3436 234 3496 6.
255 3428 299 3490 De
312 3427 480 3489 differentia
497 3447 604 3510 procae
625 3437 656 3489 et
675 3429 809 3510 poeticae
831 3429 976 3492 orationis
996 3431 1170 3514 disputatio.

311 3549 384 3609 Pars
405 3547 420 3607 I
421 3589 1131 3612 .........
1258 3553 1300 3621 81

203 3707 234 3766 7.
255 3701 300 3762 De
320 3701 490 3763 differentia
510 3719 618 3782 prosae
639 3710 670 3762 et
688 3702 823 3783 poeticae
837 3704 981 3766 orationis
998 3703 1171 3786 disputatio.

309 3823 381 3883 Para
402 3822 431 3882 ΙΙ
430 3863 1169 3887 .........
1236 3827 1299 3891 117

78 3995 82 4002 ·
204 3979 234 4041 8.
256 3975 489 4038 Observationes
511 3973 550 4036 da
572 3947 703 4035 Graecae
721 3974 840 4056 linguae
861 3977 997 4039 dialectis
1028 4019 1035 4036 .
1083 3951 1085 3954 ⁵
1122 4019 1129 4036 ·
1235 3980 1299 4045 129

140 4150 143 4155 ’
200 4135 229 4196 9.
252 4129 430 4193 Dissentio
452 4128 490 4191 de
511 4096 613 4210 ellipai
634 4140 665 4190 et
683 4131 857 4212 pleonaomo
877 4131 911 4192 in
933 4131 1046 4192 Graeca
1066 4127 1169 4211 lingua
1236 4127 1308 4197 148.

179 4287 233 4352 10.
253 4283 299 4348 De
319 4265 447 4348 dialecto
467 4283 592 4348 Pindari
615 4267 835 4354 obeenvationea
880 4329 887 4345 .
968 4288 982 4348 ’.
1068 4328 1075 4347 .
1162 4331 1170 4346 .
1234 4282 1298 4353 245
